<record><leader>00000cas a22000007a 4500</leader><controlfield tag="001">1695697</controlfield><controlfield tag="008">751012d194219uumnuen ne      0    0eng d</controlfield><controlfield tag="009">501</controlfield><datafield ind1=" " ind2=" " tag="010"><subfield code="a">sn 90060918 </subfield></datafield><datafield ind1=" " ind2=" " tag="040"><subfield code="a">MUL</subfield><subfield code="b">eng</subfield><subfield code="c">MUL</subfield><subfield code="d">MN#</subfield></datafield><datafield ind1="1" ind2=" " tag="029"><subfield code="a">AU@</subfield><subfield code="b">000025849710</subfield></datafield><datafield ind1=" " ind2=" " tag="042"><subfield code="a">msc</subfield></datafield><datafield ind1=" " ind2=" " tag="043"><subfield code="a">n-us-mn</subfield></datafield><datafield ind1=" " ind2=" " tag="052"><subfield code="a">4144</subfield><subfield code="b">N3</subfield></datafield><datafield ind1=" " ind2=" " tag="052"><subfield code="a">4143</subfield><subfield code="b">R2</subfield></datafield><datafield ind1="0" ind2="0" tag="245"><subfield code="a">Twin Cities Ordinance news.</subfield></datafield><datafield ind1=" " ind2=" " tag="260"><subfield code="a">[New Brighton, Minn.] :</subfield><subfield code="b">Federal Cartridge Corp.,</subfield><subfield code="c">1942-</subfield></datafield><datafield ind1=" " ind2=" " tag="300"><subfield code="a">v.</subfield></datafield><datafield ind1=" " ind2=" " tag="310"><subfield code="a">Biweekly</subfield></datafield><datafield ind1="0" ind2=" " tag="362"><subfield code="a">Vol. 1, no. 1 (May 20, 1942)-</subfield></datafield><datafield ind1=" " ind2=" " tag="500"><subfield code="a">"Published for and in the interests of the employees of the Twin Cities Ordinance Plant".</subfield></datafield><datafield ind1=" " ind2=" " tag="515"><subfield code="a">Suspended with July 28, 1943, issue; resumed with Mar. 8, 1944, issue.</subfield></datafield><datafield ind1=" " ind2=" " tag="530"><subfield code="a">Available on microfilm from the Minnesota Historical Society.</subfield></datafield><datafield ind1=" " ind2=" " tag="752"><subfield code="a">United States</subfield><subfield code="b">Minnesota</subfield><subfield code="c">Ramsey</subfield><subfield code="d">New Brighton.</subfield></datafield></record>